<?xml version="1.0" encoding="UTF-8"?><collection xmlns="http://www.loc.gov/MARC21/slim"><record><leader>00370nam--2200133-i-4500</leader><controlfield tag="001">000024163</controlfield><controlfield tag="002">20161230</controlfield><controlfield tag="005">20161230201035</controlfield><controlfield tag="008">060222s1000------------r-----000-0-eng-d</controlfield><datafield ind1=" " ind2=" " tag="080"><subfield code="a">541.1(075.80</subfield></datafield><datafield ind1=" " ind2=" " tag="100"><subfield code="a">Ionescu, Constantin</subfield></datafield><datafield ind1=" " ind2=" " tag="245"><subfield code="a">Chimie-fizica.pentru facultatile de farmacie</subfield></datafield><datafield ind1=" " ind2=" " tag="260"><subfield code="a">Bucuresti,Editura Didactica Si Pedagogica, 1982. Xi+322p</subfield></datafield><datafield ind1=" " ind2=" " tag="852"><subfield code="a">70283</subfield></datafield></record></collection>